@article{gleitman1990,
  title={The structural sources of verb meanings},
  author={Gleitman, Lila},
  journal={Language acquisition},
  volume={1},
  number={1},
  pages={3--55},
  year={1990},
  publisher={Taylor \& Francis}
}

@book{pinker1984,
  title={Language learnability and language development: with new commentary by the author},
  author={Pinker, Steven},
  volume={7},
  year={1984},
  publisher={Harvard University Press}
}

@article{naigles1996,
  title={The use of multiple frames in verb learning via syntactic bootstrapping},
  author={Naigles, Letitia R},
  journal={Cognition},
  volume={58},
  number={2},
  pages={221--251},
  year={1996},
  publisher={Elsevier}
}

@book{lee2013,
  title={Bayesian Cognitive Modeling: A Practical Course},
  author={Lee, M.D. and Wagenmakers, E.J.},
  isbn={9781107018457},
  lccn={2014415414},
  series={Bayesian Cognitive Modeling: A Practical Course},
  url={https://books.google.com/books?id=50tkAgAAQBAJ},
  year={2013},
  publisher={Cambridge University Press}
}


@article{macnamara1972,
  title={Cognitive basis of language learning in infants.},
  author={Macnamara, John},
  journal={Psychological review},
  volume={79},
  number={1},
  pages={1},
  year={1972},
  publisher={American Psychological Association}
}

@article{braine1987,
  title={What is learned in acquiring word classes—A step toward an acquisition theory},
  author={Braine, Martin DS},
  journal={Mechanisms of language acquisition},
  pages={65--86},
  year={1987}
}

@article{braine1992,
  title={What sort of innate structure is needed to “bootstrap” into syntax?},
  author={Braine, Martin DS},
  journal={Cognition},
  volume={45},
  number={1},
  pages={77--100},
  year={1992},
  publisher={Elsevier}
}

@book{jespersen1909,
  title={A Modern English Grammar: On Historical Principles. I-VII},
  author={Jespersen, Otto},
  year={1909},
  publisher={Einar Munksgaard}
}

@book{quine1960,
  title={Word and object},
  author={Quine, Willard Van Orman},
  publisher={MIT Press},
  year={1960}
}

@book{wierzbicka1988,
  title     ={The semantics of grammar},
  author    = {Wierzbicka, Anna},
  year      = {1988},
  publisher={John Benjamins Publishing Company}
}

@article{bloom1994,
  title={Syntax-semantics mappings as an explanation for some transitions in language development},
  author={Bloom, Paul},
  journal={Other children, other languages: Issues in the theory of language acquisition},
  volume={41},
  pages={75},
  year={1994},
  publisher={Lawrence Erlbaum Associates Hillsdale, NJ}
}

@incollection{bloom1999,
	title = {The role of semantics in solving the bootstrapping problem},
	language = {en},
	booktitle = {Language, logic, and concepts: Essays in memory of John Macnamara},
	publisher = {MIT Press},
	author = {Bloom, Paul},
	editor = {R. Jackendoff and P. Bloom and K. Wynn},
	year = {1999},
	pages = {285--310},
}

@article{gordon1985,
	title = {Evaluating the semantic categories hypothesis: {The} case of the count/mass distinction},
	volume = {20},
	issn = {0010-0277},
	shorttitle = {Evaluating the semantic categories hypothesis},
	url = {https://www.sciencedirect.com/science/article/pii/0010027785900095},
	doi = {10.1016/0010-0277(85)90009-5},
	language = {en},
	number = {3},
	urldate = {2022-10-26},
	journal = {Cognition},
	author = {Gordon, Peter},
	month = jan,
	year = {1985},
	pages = {209--242},
}

@article{link1983,
  title={The logical analysis of plurals and mass terms: A lattice-theoretical approach},
  author={Link, Godehard},
  journal={Formal semantics: The essential readings},
  volume={127},
  pages={147},
  year={1983},
  publisher={Blackwell Oxford}
}

@article{carey2001,
  title={Infants' knowledge of objects: Beyond object files and object tracking},
  author={Carey, Susan and Xu, Fei},
  journal={Cognition},
  volume={80},
  number={1-2},
  pages={179--213},
  year={2001},
  publisher={Elsevier}
}

@article{feigenson2003,
  title={Tracking individuals via object-files: evidence from infants’ manual search},
  author={Feigenson, Lisa and Carey, Susan},
  journal={Developmental Science},
  volume={6},
  number={5},
  pages={568--584},
  year={2003},
  publisher={Wiley Online Library}
}

@article{huntley2002,
  title={Objects are individuals but stuff doesn't count: Perceived rigidity and cohesiveness influence infants' representations of small groups of discrete entities},
  author={Huntley-Fenner, Gavin and Carey, Susan and Solimando, Andrea},
  journal={Cognition},
  volume={85},
  number={3},
  pages={203--221},
  year={2002},
  publisher={Elsevier}
}

@article{imai1994,
  title={Children's theories of word meaning: The role of shape similarity in early acquisition},
  author={Imai, Mutsumi and Gentner, Dedre and Uchida, Nobuko},
  journal={Cognitive development},
  volume={9},
  number={1},
  pages={45--75},
  year={1994},
  publisher={Elsevier}
}

@article{landau1988,
  title={The importance of shape in early lexical learning},
  author={Landau, Barbara and Smith, Linda B and Jones, Susan S},
  journal={Cognitive development},
  volume={3},
  number={3},
  pages={299--321},
  year={1988},
  publisher={Elsevier}
}

@article{samuelson1999,
  title={Early noun vocabularies: do ontology, category structure and syntax correspond?},
  author={Samuelson, Larissa K and Smith, Linda B},
  journal={Cognition},
  volume={73},
  number={1},
  pages={1--33},
  year={1999},
  publisher={Elsevier}
}

@article{horst2016,
  title={The Novel Object and Unusual Name (NOUN) Database: A collection of novel images for use in experimental research},
  author={Horst, Jessica S and Hout, Michael C},
  journal={Behavior research methods},
  volume={48},
  pages={1393--1409},
  year={2016},
  publisher={Springer}
}

@article{barner2008,
	title = {Events and the ontology of individuals: {Verbs} as a source of individuating mass and count nouns},
	volume = {106},
	issn = {0010-0277},
	shorttitle = {Events and the ontology of individuals},
	url = {https://www.sciencedirect.com/science/article/pii/S0010027707001266},
	doi = {10.1016/j.cognition.2007.05.001},
	language = {en},
	number = {2},
	urldate = {2022-10-15},
	journal = {Cognition},
	author = {Barner, David and Wagner, Laura and Snedeker, Jesse},
	month = feb,
	year = {2008},
	keywords = {Boundedness, Count syntax, Deverbal nouns, Individuation, Mass syntax, Punctual events, Semantics, Syntax},
	pages = {805--832}
}

@article{barner_language_2009,
	title = {Language, thought, and real nouns},
	url = {https://reader.elsevier.com/reader/sd/pii/S0010027709000572?token=81CEA43B154A152682929C44E3A392D9FA1B7CD5BA484399A22DF9D931194A1B8029A5549DF97B011775F28949232DE8&originRegion=us-east-1&originCreation=20221018195457},
	doi = {10.1016/j.cognition.2009.02.008},
	language = {en},
	urldate = {2022-10-18},
	journal = {Cognition},
	author = {Barner, David and Inagaki, Shunji and Li, Peggy},
	year = {2009}
}

@inproceedings{barner2005mckeown,
  title={The syntactic encoding of individuation in language and language acquisition},
  author={Barner, David and McKeown, Rebecca},
  booktitle={BUCLD 28: Proceedings of the 28th annual Boston University conference on language development},
  pages={61--72},
  year={2005},
  organization={Cascadilla Press Somerville, MA}
}

@article{wisniewski1996,
	title = {On the equivalence of superordinate concepts},
	volume = {60},
	issn = {0010-0277},
	url = {https://www.sciencedirect.com/science/article/pii/001002779600707X},
	doi = {10.1016/0010-0277(96)00707-X},
	language = {en},
	number = {3},
	urldate = {2022-11-03},
	journal = {Cognition},
	author = {Wisniewski, Edward J. and Imai, Mutsumi and Casey, Lyman},
	month = sep,
	year = {1996},
	pages = {269--298},
}

@incollection{gathercole2002,
	title = {Command of the mass/count distinction in bilingual and monolingual children: {An} {English} morphosyntactic distinction.},
	url = {https://www.researchgate.net/publication/299354904_Command_of_the_masscount_distinction_in_bilingual_and_monolingual_children_An_English_morphosyntactic_distinction},
	urldate = {2022-11-03},
	booktitle = {Language and literacy in bilingual children},
	author = {Gathercole, Virginia},
	year = {2002}
}

@article{gathercole1985,
  title={More and more and more about more},
  author={Gathercole, Virginia C},
  journal={Journal of Experimental Child Psychology},
  volume={40},
  number={1},
  pages={73--104},
  year={1985},
  publisher={Elsevier}
}

@article{imai1997,
	title = {A cross-linguistic study of early word meaning: universal ontology and linguistic influence},
	volume = {62},
	issn = {0010-0277},
	shorttitle = {A cross-linguistic study of early word meaning},
	url = {https://www.sciencedirect.com/science/article/pii/S0010027796007846},
	doi = {10.1016/S0010-0277(96)00784-6},
	language = {en},
	number = {2},
	urldate = {2022-11-09},
	journal = {Cognition},
	author = {Imai, Mutsumi and Gentner, Dedre},
	month = feb,
	year = {1997},
	pages = {169--200}
}

@article{li2009,
	title = {Of substance: {The} nature of language effects on entity construal},
	volume = {58},
	issn = {00100285},
	shorttitle = {Of substance},
	url = {https://linkinghub.elsevier.com/retrieve/pii/S0010028509000024},
	doi = {10.1016/j.cogpsych.2008.12.001},
	language = {en},
	number = {4},
	urldate = {2022-11-11},
	journal = {Cognitive Psychology},
	author = {Li, Peggy and Dunham, Yarrow and Carey, Susan},
	month = jun,
	year = {2009},
	pages = {487--524}
}

@article{prasada2002,
  title={Conceiving of entities as objects and as stuff},
  author={Prasada, Sandeep and Ferenz, Krag and Haskell, Todd},
  journal={Cognition},
  volume={83},
  number={2},
  pages={141--165},
  year={2002},
  publisher={Elsevier}
}

@incollection{gathercole2002,
	title = {Command of the mass/count distinction in bilingual and monolingual children: {An} {English} morphosyntactic distinction.},
	url = {https://www.researchgate.net/publication/299354904_Command_of_the_masscount_distinction_in_bilingual_and_monolingual_children_An_English_morphosyntactic_distinction},
	urldate = {2022-11-03},
	booktitle = {Language and literacy in bilingual children},
	author = {Gathercole, Virginia},
	year = {2002}
}

@inproceedings{grimm2012,
  title={Who has more furniture? An exploration of the bases for comparison},
  author={Grimm, Scott and Levin, Beth},
  booktitle={Mass/Count in Linguistics, Philosophy and Cognitive Science Conference, {\'E}cole Normale Sup{\'e}rieure, Paris, France},
  year={2012}
}

@inproceedings{gordon2006,
  title={Functional quantification of object mass nouns in children and adults},
  author={Gordon, Peter and Rodman, A},
  booktitle={30th annual Boston University Conference on Language Development},
  year={2006}
}

@inproceedings{gillon1999,
	title = {The {Lexical} {Semantics} of {English} {Count} and {Mass} {Nouns}},
	url = {https://aclanthology.org/W96-0307},
	urldate = {2022-12-06},
	booktitle = {The breadth and depth of semantic lexicons},
	publisher = {Kluwer},
	editor = {E. Viegas},
	year = {1999},
	pages = {19--37},
	author = {Gillon, Brendan S.},
}



@article{gillon1992,
	title = {Towards a common semantics for english count and mass nouns},
	volume = {15},
	issn = {0165-0157, 1573-0549},
	url = {http://link.springer.com/10.1007/BF00628112},
	doi = {10.1007/BF00628112},
	language = {en},
	number = {6},
	urldate = {2022-12-06},
	journal = {Linguistics and Philosophy},
	author = {Gillon, Brendan S.},
	month = dec,
	year = {1992},
	pages = {597--639}
}

@article{bloom1995,
	title = {Syntactic cues in the acquisition of collective nouns},
	volume = {56},
	issn = {00100277},
	url = {https://linkinghub.elsevier.com/retrieve/pii/0010027794006485},
	doi = {10.1016/0010-0277(94)00648-5},
	language = {en},
	number = {1},
	urldate = {2022-12-17},
	journal = {Cognition},
	author = {Bloom, Paul and Kelemen, Deborah},
	month = jul,
	year = {1995},
	pages = {1--30}
}

@article{gordon1988,
	title = {Count/mass category acquisition: distributional distinctions in children's speech},
	volume = {15},
	issn = {1469-7602, 0305-0009},
	shorttitle = {Count/mass category acquisition},
	url = {https://www.cambridge.org/core/journals/journal-of-child-language/article/abs/countmass-category-acquisition-distributional-distinctions-in-childrens-speech/BFE66B8725CDC607125DED11765DEDA1},
	doi = {10.1017/S0305000900012083},
	language = {en},
	number = {1},
	urldate = {2022-12-17},
	journal = {Journal of Child Language},
	author = {Gordon, Peter},
	month = feb,
	year = {1988},
	note = {Publisher: Cambridge University Press},
	pages = {109--128}
}

@incollection{chierchia1998,
	address = {Dordrecht},
	title = {Plurality of {Mass} {Nouns} and the {Notion} of “{Semantic} {Parameter}”},
	volume = {70},
	isbn = {978-1-4020-0289-2 978-94-011-3969-4},
	url = {http://link.springer.com/10.1007/978-94-011-3969-4_4},
	language = {en},
	urldate = {2022-12-17},
	booktitle = {Events and {Grammar}},
	publisher = {Springer Netherlands},
	author = {Chierchia, Gennaro},
	editor = {Chierchia, Gennaro and Jacobson, Pauline and Pelletier, Francis J. and Rothstein, Susan},
	year = {1998},
	doi = {10.1007/978-94-011-3969-4_4},
	note = {Series Title: Studies in Linguistics and Philosophy},
	pages = {53--103}
}


@incollection{cheng1973,
	address = {Dordrecht},
	title = {Comments on {Moravcsik}'s {Paper}},
	isbn = {978-94-010-2506-5},
	url = {https://doi.org/10.1007/978-94-010-2506-5_14},
	booktitle = {Approaches to {Natural} {Language}: {Proceedings} of the 1970 {Stanford} {Workshop} on {Grammar} and {Semantics}},
	publisher = {Springer Netherlands},
	author = {Cheng, Chung-Ying},
	editor = {Hintikka, K. J. J. and Moravcsik, J. M. E. and Suppes, P.},
	year = {1973},
	doi = {10.1007/978-94-010-2506-5_14},
	pages = {286--288},
}


@article{macnamara1972,
	title = {Cognitive basis of language learning in infants},
	volume = {79},
	issn = {1939-1471},
	doi = {10.1037/h0031901},
	journal = {Psychological Review},
	author = {MacNamara, John},
	year = {1972},
	keywords = {Learning, Syntax, Childhood Development, Language Development},
	pages = {1--13}
}

@article{soja1992,
	title = {Inferences about the meanings of nouns: {The} relationship between perception and syntax},
	volume = {7},
	issn = {0885-2014},
	shorttitle = {Inferences about the meanings of nouns},
	url = {https://www.sciencedirect.com/science/article/pii/088520149290003A},
	doi = {10.1016/0885-2014(92)90003-A},
	language = {en},
	number = {1},
	urldate = {2022-12-17},
	journal = {Cognitive Development},
	author = {Soja, Nancy N.},
	month = jan,
	year = {1992},
	pages = {29--45}
}

@article{soja1991,
	title = {Ontological categories guide young children's inductions of word meaning: object terms and substance terms},
	volume = {38},
	issn = {0010-0277},
	shorttitle = {Ontological categories guide young children's inductions of word meaning},
	doi = {10.1016/0010-0277(91)90051-5},
	language = {eng},
	number = {2},
	journal = {Cognition},
	author = {Soja, N. N. and Carey, S. and Spelke, E. S.},
	month = feb,
	year = {1991},
	pmid = {2049905},
	keywords = {Semantics, Female, Humans, Male, Language Development, Child, Preschool, Concept Formation, Infant, Mental Recall, Verbal Learning, Vocabulary},
	pages = {179--211}
}

@incollection{prasada1999,
	address = {Cambridge, MA, US},
	title = {Names of things and stuff: {An} {Aristotelian} perspective},
	isbn = {978-0-262-10078-6},
	shorttitle = {Names of things and stuff},
	booktitle = {Language, logic, and concepts:  {Essays} in memory of {John} {Macnamara}},
	publisher = {The MIT Press},
	author = {Prasada, Sandeep},
	year = {1999},
	keywords = {Classification (Cognitive Process), Cognitions, Comprehension, Names, Object Recognition},
	pages = {119--146}
}


@article{xu1997,
	title = {From {Lot}'s {Wife} to a {Pillar} of {Salt}: {Evidence} that {Physical} {Object} is a {Sortal} {Concept}},
	volume = {12},
	issn = {1468-0017},
	shorttitle = {From {Lot}'s {Wife} to a {Pillar} of {Salt}},
	url = {https://onlinelibrary.wiley.com/doi/abs/10.1111/j.1468-0017.1997.tb00078.x},
	doi = {10.1111/j.1468-0017.1997.tb00078.x},
	language = {en},
	number = {3-4},
	urldate = {2023-03-03},
	journal = {Mind \& Language},
	author = {Xu, Fei},
	year = {1997},
	note = {\_eprint: https://onlinelibrary.wiley.com/doi/pdf/10.1111/j.1468-0017.1997.tb00078.x},
	pages = {365--392}
}


@inproceedings{mccawley1975,
  title={Lexicography and the count-mass distinction},
  author={McCawley, James D},
  booktitle={Annual Meeting of the Berkeley Linguistics Society},
  volume={1},
  pages={314--321},
  year={1975}
}

@article{barner2006,
  title={Children's early understanding of mass-count syntax: individuation, lexical content, and the number asymmetry hypothesis},
  author={Barner, David and Snedeker, Jesse},
  journal={Language Learning and Development},
  volume={2},
  number={3},
  pages={163--194},
  year={2006},
  publisher={Taylor \& Francis}
}

@article{li2008,
	title = {Classifiers as {Count} {Syntax}: {Individuation} and {Measurement} in the {Acquisition} of {Mandarin} {Chinese}},
	volume = {4},
	issn = {1547-5441},
	shorttitle = {Classifiers as {Count} {Syntax}},
	url = {https://doi.org/10.1080/15475440802333858},
	doi = {10.1080/15475440802333858},
	number = {4},
	urldate = {2023-05-05},
	journal = {Language Learning and Development},
	author = {Li, Peggy and Barner, David and Huang, Becky H.},
	month = sep,
	year = {2008},
	pmid = {20151047},
	note = {Publisher: Routledge
\_eprint: https://doi.org/10.1080/15475440802333858},
	pages = {249--290}
	}

@article{barner2005,
	title = {Quantity judgments and individuation: evidence that mass nouns count},
	volume = {97},
	issn = {0010-0277},
	shorttitle = {Quantity judgments and individuation},
	url = {https://www.sciencedirect.com/science/article/pii/S0010027704001787},
	doi = {10.1016/j.cognition.2004.06.009},
	language = {en},
	number = {1},
	urldate = {2023-05-23},
	journal = {Cognition},
	author = {Barner, David and Snedeker, Jesse},
	month = aug,
	year = {2005},
	keywords = {Individuation, Language acquisition, Count nouns, Mass nouns, Quantity judgment},
	pages = {41--66}
}

@Manual{R-base,
  title = {R: A Language and Environment for Statistical Computing},
  author = {{R Core Team}},
  organization = {R Foundation for Statistical Computing},
  address = {Vienna, Austria},
  year = {2022},
  url = {https://www.R-project.org/},
}
@Manual{R-papaja,
  title = {{papaja}: {Prepare} reproducible {APA} journal articles with {R Markdown}},
  author = {Frederik Aust and Marius Barth},
  year = {2022},
  note = {R package version 0.1.1},
  url = {https://github.com/crsh/papaja},
}
@Manual{R-tinylabels,
  title = {{tinylabels}: Lightweight Variable Labels},
  author = {Marius Barth},
  year = {2022},
  note = {R package version 0.2.3},
  url = {https://cran.r-project.org/package=tinylabels},
}

